@inproceedings{amini2022vista,
  title={Vista 2.0: An open, data-driven simulator for multimodal sensing and policy learning for autonomous vehicles},
  author={Amini, Alexander and Wang, Tsun-Hsuan and Gilitschenski, Igor and Schwarting, Wilko and Liu, Zhijian and Han, Song and Karaman, Sertac and Rus, Daniela},
  booktitle={2022 International Conference on Robotics and Automation (ICRA)},
  pages={2419--2426},
  year={2022},
  organization={IEEE}
}
@inproceedings{vitelli2022safetynet,
  title={Safetynet: Safe planning for real-world self-driving vehicles using machine-learned policies},
  author={Vitelli, Matt and Chang, Yan and Ye, Yawei and Ferreira, Ana and Wo{\l}czyk, Maciej and Osi{\'n}ski, B{\l}a{\.z}ej and Niendorf, Moritz and Grimmett, Hugo and Huang, Qiangui and Jain, Ashesh and others},
  booktitle={2022 International Conference on Robotics and Automation (ICRA)},
  pages={897--904},
  year={2022},
  organization={IEEE}
}
@article{jain2021autonomy,
  title={Autonomy 2.0: Why is self-driving always 5 years away?},
  author={Jain, Ashesh and Del Pero, Luca and Grimmett, Hugo and Ondruska, Peter},
  journal={arXiv preprint arXiv:2107.08142},
  year={2021}
}
@article{li2019aads,
  title={AADS: Augmented autonomous driving simulation using data-driven algorithms},
  author={Li, Wei and Pan, CW and Zhang, Rong and Ren, JP and Ma, YX and Fang, Jin and Yan, FL and Geng, QC and Huang, XY and Gong, HJ and others},
  journal={Science robotics},
  volume={4},
  number={28},
  pages={eaaw0863},
  year={2019},
  publisher={American Association for the Advancement of Science}
}
@article{santana2016learning,
  title={Learning a driving simulator},
  author={Santana, Eder and Hotz, George},
  journal={arXiv preprint arXiv:1608.01230},
  year={2016}
}
@article{yu2018bdd100k,
  title={Bdd100k: A diverse driving video database with scalable annotation tooling},
  author={Yu, Fisher and Xian, Wenqi and Chen, Yingying and Liu, Fangchen and Liao, Mike and Madhavan, Vashisht and Darrell, Trevor},
  journal={arXiv preprint arXiv:1805.04687},
  volume={2},
  number={5},
  pages={6},
  year={2018}
}
@inproceedings{mescheder2018training,
  title={Which training methods for GANs do actually converge?},
  author={Mescheder, Lars and Geiger, Andreas and Nowozin, Sebastian},
  booktitle={International conference on machine learning},
  pages={3481--3490},
  year={2018},
  organization={PMLR}
}
@inproceedings{arjovsky2017wasserstein,
  title={Wasserstein generative adversarial networks},
  author={Arjovsky, Martin and Chintala, Soumith and Bottou, L{\'e}on},
  booktitle={International conference on machine learning},
  pages={214--223},
  year={2017},
  organization={PMLR}
}
@article{sonderby2016amortised,
  title={Amortised map inference for image super-resolution},
  author={S{\o}nderby, Casper Kaae and Caballero, Jose and Theis, Lucas and Shi, Wenzhe and Husz{\'a}r, Ferenc},
  journal={arXiv preprint arXiv:1610.04490},
  year={2016}
}
@article{nagarajan2017gradient,
  title={Gradient descent GAN optimization is locally stable},
  author={Nagarajan, Vaishnavh and Kolter, J Zico},
  journal={Advances in neural information processing systems},
  volume={30},
  year={2017}
}
@article{roth2017stabilizing,
  title={Stabilizing training of generative adversarial networks through regularization},
  author={Roth, Kevin and Lucchi, Aurelien and Nowozin, Sebastian and Hofmann, Thomas},
  journal={Advances in neural information processing systems},
  volume={30},
  year={2017}
}